@ARTICLE{1982QJRAS..23..485D,
  author =       {{Disney}, M.~J. and {Wallace}, P.~T.},
  title =        "{STARLINK}",
  journal =      qjras,
  year =         1982,
  month =        dec,
  volume =       23,
  pages =        485,
  adsurl =       {http://adsabs.harvard.edu/abs/1982QJRAS..23..485D},
  adsnote =      {Provided by the SAO/NASA Astrophysics Data System}
}

@INPROCEEDINGS{1986SPIE..598..134B,
  author =       {{Bos}, A.},
  title =        "{Backend spectrometers - A review}",
  keywords =     {ASTRONOMICAL SPECTROSCOPY, MICROWAVE SPECTROMETERS,
                  RADIO SPECTROSCOPY, ARCHITECTURE (COMPUTERS),
                  MILLIMETER WAVES, MULTIPLEXING, SPECTRAL RESOLUTION},
  booktitle =    {Instrumentation for submillimeter spectroscopy},
  year =         1986,
  series =       procspie,
  volume =       598,
  editor =       {{Kollberg}, E.},
  pages =        {134-140},
  doi =          {10.1117/12.952332},
  adsurl =       {http://adsabs.harvard.edu/abs/1986SPIE..598..134B},
  adsnote =      {Provided by the SAO/NASA Astrophysics Data System}
}

@Article{1988STARB...2...11C,
  author =       {Malcolm J. Currie},
  title =        {Standard data formats},
  journal =      {Starlink Bulletin},
  year =         1988,
  volume =       2,
  pages =        11,
}

@article{1990Cressie,
  year =         1990,
  issn =         {0882-8121},
  journal =      {Mathematical Geology},
  volume =       22,
  number =       3,
  doi =          {10.1007/BF00889887},
  title =        {The origins of kriging},
  publisher =    {Kluwer Academic Publishers-Plenum Publishers},
  keywords =     {blue; blup; covariance function; geodesy;
                  homogeneous structure function; meteorology; mining;
                  optimum interpolation; spatial blup; statistics;
                  variogram},
  author =       {Cressie, Noel},
  pages =        {239-252},
  language =     {English}
}

@Article{1990JCMTP...9...25P,
  author =       {Rachael Padman},
  title =        {SPECX Corner},
  journal =      {PROTOSTAR: The Newsletter of the JCMT},
  year =         1990,
  volume =       9,
  pages =        {25-27},
}

@ARTICLE{1992IJIMW..13..647D,
  author =       {{Davies}, S.~R. and {Cunningham}, C.~T. and
                  {Little}, L.~T. and {Matheson}, D.~N.},
  title =        "{A 210-280 GHz SIS heterodyne receiver for the James
                  Clerk Maxwell Telescope. I - Design and
                  performance}",
  journal =      {\ijimw},
  keywords =     {HETERODYNING, MILLIMETER WAVES, NOISE TEMPERATURE,
                  RADIO RECEIVERS, SIS (SUPERCONDUCTORS), VOLT-AMPERE
                  CHARACTERISTICS, LEAD ALLOYS, MIXING CIRCUITS, RADIO
                  TELESCOPES, RECTANGULAR WAVEGUIDES, SCHOTTKY DIODES,
                  SUPERCONDUCTING MAGNETS, VERY HIGH FREQUENCIES},
  year =         1992,
  month =        may,
  volume =       13,
  pages =        {647-658},
  doi =          {10.1007/BF01010688},
  adsurl =       {http://adsabs.harvard.edu/abs/1992IJIMW..13..647D},
  adsnote =      {Provided by the SAO/NASA Astrophysics Data System}
}

@ARTICLE{1992IJIMW..13.1487P,
  author =       {{Padman}, R. and {White}, G.~J. and {Barker}, R. and
                  {Bly}, D. and {Johnson}, N. and {Gibson}, H. and
                  {Griffin}, M. and {Murphy}, J.~A. and {Prestage},
                  R. and {Rogers}, J.},
  title =        "{A dual-polarization InSb receiver for 461/492 GHz}",
  journal =      {\ijimw},
  keywords =     {BOLOMETERS, INDIUM ANTIMONIDES, INFRARED TELESCOPES,
                  NOISE TEMPERATURE, SCHOTTKY DIODES, CASSEGRAIN
                  ANTENNAS, EQUIPMENT SPECIFICATIONS, FREQUENCY
                  CONTROL, ROTATIONAL SPECTRA},
  year =         1992,
  month =        oct,
  volume =       13,
  pages =        {1487-1513},
  doi =          {10.1007/BF01009232},
  adsurl =       {http://adsabs.harvard.edu/abs/1992IJIMW..13.1487P},
  adsnote =      {Provided by the SAO/NASA Astrophysics Data System}
}

@ARTICLE{1992IJIMW..13.1827C,
  author =       {{Cunningham}, C.~T. and {Hayward}, R.~H. and {Wade},
                  J.~D. and {Davies}, S.~R. and {Matheson}, D.~N.},
  title =        "{A 345 GHz heterodyne receiver for the James Clerk
                  Maxwell Telescope}",
  journal =      {\ijimw},
  keywords =     {MIXING CIRCUITS, NETWORK SYNTHESIS, SUPERHETERODYNE
                  RECEIVERS, TELESCOPES, DESIGN ANALYSIS,
                  HETERODYNING, LOW NOISE},
  year =         1992,
  month =        dec,
  volume =       13,
  pages =        {1827-1843},
  doi =          {10.1007/BF01011325},
  adsurl =       {http://adsabs.harvard.edu/abs/1992IJIMW..13.1827C},
  adsnote =      {Provided by the SAO/NASA Astrophysics Data System}
}

@ARTICLE{1994ApJ...428..693W,
  author =       {{Williams}, J.~P. and {de Geus}, E.~J. and {Blitz},
                  L.},
  title =        "{Determining structure in molecular clouds}",
  journal =      apj,
  keywords =     {EVOLUTION (DEVELOPMENT), MASS SPECTRA, MOLECULAR
                  CLOUDS, SIZE (DIMENSIONS), SPECTRAL LINE WIDTH, STAR
                  FORMATION, STELLAR STRUCTURE, TEMPERATURE,
                  ALGORITHMS, LEAST SQUARES METHOD, LINE SPECTRA,
                  MAPPING, NUMERICAL ANALYSIS, SIMULATION},
  year =         1994,
  month =        jun,
  volume =       428,
  pages =        {693-712},
  doi =          {10.1086/174279},
  adsurl =       {http://adsabs.harvard.edu/abs/1994ApJ...428..693W},
  adsnote =      {Provided by the SAO/NASA Astrophysics Data System}
}

@INPROCEEDINGS{1995ASPC...75..117W,
  author =       {{Whyborn}, N.~D.},
  title =        "{Complete Multi-Feed Systems for Radio Astronomy}",
  booktitle =    {Multi-Feed Systems for Radio Telescopes},
  year =         1995,
  series =       aspconf,
  volume =       75,
  editor =       {{Emerson}, D.~T. and {Payne}, J.~M.},
  pages =        117,
  adsurl =       {http://adsabs.harvard.edu/abs/1995ASPC...75..117W},
  adsnote =      {Provided by the SAO/NASA Astrophysics Data System}
}

@ARTICLE{1998A&AS..127..367Y,
  author =       {{Young}, C.~K. and {Currie}, M.~J.},
  title =        "{The ``Virgo photometry catalogue''; a catalogue of
                  1180 galaxies in the direction of the Virgo
                  Cluster's core}",
  journal =      {\aaps},
  keywords =     {GALAXIES: CLUSTERS: INDIVIDUAL: VIRGO, CATALOGUES,
                  GALAXIES: FUNDAMENTAL PARAMETERS, GALAXIES:
                  PHOTOMETRY},
  year =         1998,
  month =        feb,
  volume =       127,
  pages =        {367-395},
  doi =          {10.1051/aas:1998107},
  adsurl =       {http://adsabs.harvard.edu/abs/1998A%26AS..127..367Y},
  adsnote =      {Provided by the SAO/NASA Astrophysics Data System}
}

@MISC{1999ascl.soft11003A,
  author =       {{Associated Universities}, I.},
  title =        "{AIPS: Astronomical Image Processing System}",
  howpublished = {Astrophysics Source Code Library},
  year =         1999,
  archivePrefix ="ascl",
  eprint =       {9911.003},
  month =        nov,
  adsurl =       {http://adsabs.harvard.edu/abs/1999ascl.soft11003A},
  adsnote =      {Provided by the SAO/NASA Astrophysics Data System}
}

@INPROCEEDINGS{2000ASPC..216..502L,
  author =       {{Lightfoot}, J.~F. and {Dent}, W.~R.~F. and
                  {Willis}, A.~G. and {Hovey}, G.~J.},
  title =        "{The ACSIS Data Reduction System}",
  booktitle =    {Astronomical Data Analysis Software and Systems IX},
  year =         2000,
  series =       aspconf,
  volume =       216,
  editor =       {{Manset}, N. and {Veillet}, C. and {Crabtree}, D.},
  pages =        502,
  adsurl =       {http://adsabs.harvard.edu/abs/2000ASPC..216..502L},
  adsnote =      {Provided by the SAO/NASA Astrophysics Data System}
}

@INPROCEEDINGS{2000SPIE.4015..114H,
  author =       {{Hovey}, G.~J. and {Burgess}, T.~A. and {Casorso},
                  R.~V. and {Dent}, W.~R. and {Dewdney}, P.~E. and
                  {Force}, B. and {Lightfoot}, J.~F. and {Willis},
                  A.~G. and {Yeung}, K.~K.},
  title =        "{New spectral line multibeam correlator system for
                  the James Clerk Maxwell Telescope}",
  booktitle =    {Radio Telescopes},
  year =         2000,
  series =       procspie,
  volume =       4015,
  editor =       {{Butcher}, H.~R.},
  month =        jul,
  doi =          {10.1117/12.390404},
  pages =        {114-125},
  adsurl =       {http://adsabs.harvard.edu/abs/2000SPIE.4015..114H},
  adsnote =      {Provided by the SAO/NASA Astrophysics Data System}
}

@INPROCEEDINGS{2001AAS...19915601S,
  author =       {{Sandell}, G. and {Jenness}, T. and {McMullin},
                  J.~P. and {Shah}, R.~Y.},
  title =        "{Young Stars and Protostellar Cores near NGC 2023
                  and the Horsehead Nebula}",
  booktitle =    {American Astronomical Society Meeting Abstracts},
  year =         2001,
  series =       {Bulletin of the American Astronomical Society},
  volume =       34,
  month =        dec,
  pages =        {\#156.01},
  adsurl =       {http://adsabs.harvard.edu/abs/2001AAS...19915601S},
  adsnote =      {Provided by the SAO/NASA Astrophysics Data System}
}

@INPROCEEDINGS{2002ASPC..278..329M,
  author =       {{Maddalena}, R.~J.},
  title =        "{Reduction and Analysis Techniques}",
  booktitle =    {Single-Dish Radio Astronomy: Techniques and
                  Applications},
  year =         2002,
  series =       aspconf,
  volume =       278,
  editor =       {{Stanimirovic}, S. and {Altschuler}, D. and
                  {Goldsmith}, P. and {Salter}, C.},
  month =        dec,
  pages =        {329-352},
  adsurl =       {http://adsabs.harvard.edu/abs/2002ASPC..278..329M},
  adsnote =      {Provided by the SAO/NASA Astrophysics Data System}
}

@INPROCEEDINGS{2002ASPC..281..453F,
  author =       {{Folger}, M. and {Bridger}, A. and {Dent}, B. and
                  {Kelly}, D. and {Adamson}, A. and {Economou}, F. and
                  {Hirst}, P. and {Jenness}, T.  },
  title =        "{A New Observing Tool for the James Clerk Maxwell
                  Telescope}",
  keywords =     {JCMT, observing tool, SCUBA, ACSIS, frequency
                  editor},
  booktitle =    {Astronomical Data Analysis Software and Systems XI},
  year =         2002,
  series =       aspconf,
  volume =       281,
  editor =       {{Bohlender}, D.~A. and {Durand}, D. and {Handley},
                  T.~H.},
  pages =        453,
  adsurl =       {http://adsabs.harvard.edu/abs/2002ASPC..281..453F},
  adsnote =      {Provided by the SAO/NASA Astrophysics Data System}
}

@INPROCEEDINGS{2002SPIE.4848..283R,
  author =       {{Rees}, N.~P. and {Economou}, F. and {Jenness},
                  T. and {Kackley}, R.~D. and {Walther}, C.~A. and
                  {Dent}, W.~R.~F. and {Folger}, M. and {Gao}, X. and
                  {Kelly}, D. and {Lightfoot}, J.~F. and {Pain},
                  I. and {Hovey}, G.~J. and {Redman}, R.~O.},
  title =        "{JCMT observatory control system}",
  booktitle =    {Advanced Telescope and Instrumentation Control
                  Software II},
  year =         2002,
  series =       {\procspie},
  volume =       4848,
  editor =       {{Lewis}, H.},
  month =        dec,
  pages =        {283-293},
  doi =          {10.1117/12.461306},
  adsurl =       {http://adsabs.harvard.edu/abs/2002SPIE.4848..283R},
  adsnote =      {Provided by the SAO/NASA Astrophysics Data System}
}

@ARTICLE{2003ASSL..285..109G,
  author =       {{Greisen}, E.~W.},
  title =        "{AIPS, the VLA, and the VLBA}",
  journal =      {Information Handling in Astronomy - Historical
                  Vistas},
  year =         2003,
  month =        mar,
  volume =       285,
  pages =        109,
  doi =          {10.1007/0-306-48080-8_7},
  adsurl =       {http://adsabs.harvard.edu/abs/2003ASSL..285..109G},
  adsnote =      {Provided by the SAO/NASA Astrophysics Data System}
}

@INPROCEEDINGS{2003SPIE.4855..322G,
  author =       {{Graf}, U.~U. and {Heyminck}, S. and {Michael},
                  E.~A. and {Stanko}, S. and {Honingh}, C.~E. and
                  {Jacobs}, K. and {Schieder}, R.~T. and {Stutzki},
                  J. and {Vowinkel}, B.},
  title =        "{SMART: The KOSMA Sub-Millimeter Array Receiver for
                  Two frequencies}",
  booktitle =    {Millimeter and Submillimeter Detectors for
                  Astronomy},
  year =         2003,
  series =       procspie,
  volume =       4855,
  editor =       {{Phillips}, T.~G. and {Zmuidzinas}, J.},
  month =        feb,
  pages =        {322-329},
  doi =          {10.1117/12.459669},
  adsurl =       {http://adsabs.harvard.edu/abs/2003SPIE.4855..322G},
  adsnote =      {Provided by the SAO/NASA Astrophysics Data System}
}

@ARTICLE{2004A&A...423.1171S,
  author =       {{Schuster}, K.-F. and {Boucher}, C. and {Brunswig},
                  W. and {Carter}, M. and {Chenu}, J.-Y. and
                  {Foullieux}, B. and {Greve}, A. and {John}, D. and
                  {Lazareff}, B. and {Navarro}, S. and {Perrigouard},
                  A. and {Pollet}, J.-L. and {Sievers}, A. and {Thum},
                  C. and {Wiesemeyer}, H.},
  title =        "{A 230 GHz heterodyne receiver array for the IRAM 30
                  m telescope}",
  journal =      aap,
  keywords =     {instrumentation: spectrographs, techniques:
                  spectroscopic, radio lines: general},
  year =         2004,
  month =        sep,
  volume =       423,
  pages =        {1171-1177},
  doi =          {10.1051/0004-6361:20034179},
  adsurl =       {http://adsabs.harvard.edu/abs/2004A%26A...423.1171S},
  adsnote =      {Provided by the SAO/NASA Astrophysics Data System}
}

@INPROCEEDINGS{2004ASPC..314..468M,
  author =       {{McMullin}, J.~P. and {Golap}, K. and {Myers},
                  S.~T.},
  title =        "{The AIPS++ Project}",
  booktitle =    {Astronomical Data Analysis Software and Systems
                  (ADASS) XIII},
  year =         2004,
  series =       aspconf,
  volume =       314,
  editor =       {{Ochsenbein}, F. and {Allen}, M.~G. and {Egret}, D.},
  month =        jul,
  pages =        468,
  adsurl =       {http://adsabs.harvard.edu/abs/2004ASPC..314..468M},
  adsnote =      {Provided by the SAO/NASA Astrophysics Data System}
}

@INPROCEEDINGS{2005ASPC..347...22D,
  author =       {{Draper}, P.~W. and {Allan}, A. and {Berry},
                  D.~S. and {Currie}, M.~J. and {Giaretta}, D. and
                  {Rankin}, S. and {Gray}, N. and {Taylor}, M.~B.  },
  title =        "{Starlink Software Developments}",
  booktitle =    {Astronomical Data Analysis Software and Systems XIV},
  year =         2005,
  series =       aspconf,
  volume =       347,
  editor =       {{Shopbell}, P. and {Britton}, M. and {Ebert}, R.},
  month =        dec,
  pages =        22,
  adsurl =       {http://adsabs.harvard.edu/abs/2005ASPC..347...22D},
  adsnote =      {Provided by the SAO/NASA Astrophysics Data System}
}

@INPROCEEDINGS{2005sf2a.conf..721P,
  author =       {{Pety}, J.},
  title =        "{Successes of and Challenges to GILDAS, a
                  State-of-the-Art Radioastronomy Toolkit}",
  booktitle =    {SF2A-2005: Semaine de l'Astrophysique Francaise},
  year =         2005,
  editor =       {{Casoli}, F. and {Contini}, T. and {Hameury},
                  J.~M. and {Pagani}, L.  },
  month =        dec,
  pages =        721,
  adsurl =       {http://adsabs.harvard.edu/abs/2005sf2a.conf..721P},
  adsnote =      {Provided by the SAO/NASA Astrophysics Data System}
}

@ARTICLE{2006A&A...446..747G,
  author =       {{Greisen}, E.~W. and {Calabretta}, M.~R. and
                  {Valdes}, F.~G. and {Allen}, S.~L.},
  title =        "{Representations of spectral coordinates in FITS}",
  journal =      aap,
  archivePrefix ="arXiv",
  eprint =       {astro-ph/0507293},
  keywords =     {methods: data analysis, techniques: image
                  processing, techniques: radial velocities,
                  techniques: spectroscopic, astronomical data bases:
                  miscellaneous},
  year =         2006,
  month =        feb,
  volume =       446,
  pages =        {747-771},
  doi =          {10.1051/0004-6361:20053818},
  adsurl =       {http://adsabs.harvard.edu/abs/2006A%26A...446..747G},
  adsnote =      {Provided by the SAO/NASA Astrophysics Data System}
}

@INPROCEEDINGS{2007ASPC..376..425B,
  author =       {{Berry}, D.~S. and {Reinhold}, K. and {Jenness},
                  T. and {Economou}, F.  },
  title =        "{CUPID: A Clump Identification and Analysis
                  Package}",
  booktitle =    {Astronomical Data Analysis Software and Systems XVI},
  year =         2007,
  series =       aspconf,
  volume =       376,
  editor =       {{Shaw}, R.~A. and {Hill}, F. and {Bell}, D.~J.},
  month =        oct,
  pages =        425,
  adsurl =       {http://adsabs.harvard.edu/abs/2007ASPC..376..425B},
  adsnote =      {Provided by the SAO/NASA Astrophysics Data System}
}

@ARTICLE{2007PASP..119..102P,
  author =       {{Plume}, R. and {Fuller}, G.~A. and {Helmich},
                  F. and {van der Tak}, F.~F.~S. and {Roberts}, H. and
                  {Bowey}, J. and {Buckle}, J. and {Butner}, H. and
                  {Caux}, E. and {Ceccarelli}, C. and {van Dishoeck},
                  E.~F. and {Friberg}, P. and {Gibb}, A.~G. and
                  {Hatchell}, J. and {Hogerheijde}, M.~R. and
                  {Matthews}, H. and {Millar}, T.~J. and {Mitchell},
                  G. and {Moore}, T.~J.~T. and {Ossenkopf}, V. and
                  {Rawlings}, J.~M.~C. and {Richer}, J. and {Roellig},
                  M. and {Schilke}, P. and {Spaans}, M. and {Tielens},
                  A.~G.~G.~M. and {Thompson}, M.~A. and {Viti}, S. and
                  {Weferling}, B. and {White}, G.~J. and {Wouterloot},
                  J. and {Yates}, J. and {Zhu}, M.},
  title =        "{The James Clerk Maxwell Telescope Spectral Legacy
                  Survey}",
  journal =      pasp,
  archivePrefix ="arXiv",
  eprint =       {astro-ph/0611907},
  keywords =     {Astronomical Data Bases: Miscellaneous, ISM:
                  Abundances, ISM: Evolution, ISM: Molecules, Stars:
                  Formation},
  year =         2007,
  month =        jan,
  volume =       119,
  pages =        {102-111},
  doi =          {10.1086/511161},
  adsurl =       {http://adsabs.harvard.edu/abs/2007PASP..119..102P},
  adsnote =      {Provided by the SAO/NASA Astrophysics Data System}
}

@ARTICLE{2007PASP..119..855W,
  author =       {{Ward-Thompson}, D. and {Di Francesco}, J. and
                  {Hatchell}, J. and {Hogerheijde}, M.~R. and
                  {Nutter}, D. and {Bastien}, P. and {Basu}, S. and
                  {Bonnell}, I. and {Bowey}, J. and {Brunt}, C. and
                  {Buckle}, J. and {Butner}, H. and {Cavanagh}, B. and
                  {Chrysostomou}, A. and {Curtis}, E. and {Davis},
                  C.~J. and {Dent}, W.~R.~F. and {van Dishoeck},
                  E. and {Edmunds}, M.~G. and {Fich}, M. and {Fiege},
                  J. and {Fissel}, L. and {Friberg}, P. and {Friesen},
                  R. and {Frieswijk}, W. and {Fuller}, G.~A. and
                  {Gosling}, A. and {Graves}, S. and {Greaves},
                  J.~S. and {Helmich}, F. and {Hills}, R.~E. and
                  {Holland}, W.~S. and {Houde}, M. and {Jayawardhana},
                  R. and {Johnstone}, D. and {Joncas}, G. and {Kirk},
                  H. and {Kirk}, J.~M. and {Knee}, L.~B.~G. and
                  {Matthews}, B. and {Matthews}, H. and {Matzner},
                  C. and {Moriarty-Schieven}, G.~H. and {Naylor},
                  D. and {Padman}, R. and {Plume}, R. and {Rawlings},
                  J.~M.~C. and {Redman}, R.~O. and {Reid}, M. and
                  {Richer}, J.~S. and {Shipman}, R. and {Simpson},
                  R.~J. and {Spaans}, M. and {Stamatellos}, D. and
                  {Tsamis}, Y.~G. and {Viti}, S. and {Weferling},
                  B. and {White}, G.~J. and {Whitworth}, A.~P. and
                  {Wouterloot}, J. and {Yates}, J. and {Zhu}, M.},
  title =        "{The James Clerk Maxwell Telescope Legacy Survey of
                  Nearby Star-forming Regions in the Gould Belt}",
  journal =      pasp,
  archivePrefix ="arXiv",
  eprint =       {0707.0169},
  keywords =     {ISM},
  year =         2007,
  month =        aug,
  volume =       119,
  pages =        {855-870},
  doi =          {10.1086/521277},
  adsurl =       {http://adsabs.harvard.edu/abs/2007PASP..119..855W},
  adsnote =      {Provided by the SAO/NASA Astrophysics Data System}
}

@ARTICLE{2008AN....329..295C,
  author =       {{Cavanagh}, B. and {Jenness}, T. and {Economou},
                  F. and {Currie}, M.~J.  },
  title =        "{The ORAC-DR data reduction pipeline}",
  journal =      {\an},
  keywords =     {methods: data analysis, techniques: image
                  processing},
  year =         2008,
  month =        mar,
  volume =       329,
  pages =        {295-297},
  doi =          {10.1002/asna.200710944},
  adsurl =       {http://adsabs.harvard.edu/abs/2008AN....329..295C},
  adsnote =      {Provided by the SAO/NASA Astrophysics Data System}
}

@INPROCEEDINGS{2008ASPC..394..135G,
  author =       {{Gaudet}, S. and {Dowler}, P. and {Goliath}, S. and
                  {Redman}, R.  },
  title =        "{The JCMT Science Archive and the Virtual
                  Observatory}",
  booktitle =    {Astronomical Data Analysis Software and Systems
                  XVII},
  year =         2008,
  series =       aspconf,
  volume =       394,
  editor =       {{Argyle}, R.~W. and {Bunclark}, P.~S. and {Lewis},
                  J.~R.},
  month =        aug,
  pages =        135,
  adsurl =       {http://adsabs.harvard.edu/abs/2008ASPC..394..135G},
  adsnote =      {Provided by the SAO/NASA Astrophysics Data System}
}

@INPROCEEDINGS{2008ASPC..394..565J,
  author =       {{Jenness}, T. and {Cavanagh}, B. and {Economou},
                  F. and {Berry}, D.~S.  },
  title =        "{JCMT Science Archive: Advanced Heterodyne Data
                  Products Pipeline}",
  booktitle =    {Astronomical Data Analysis Software and Systems
                  XVII},
  year =         2008,
  series =       aspconf,
  volume =       394,
  editor =       {{Argyle}, R.~W. and {Bunclark}, P.~S. and {Lewis},
                  J.~R.},
  month =        aug,
  pages =        565,
  adsurl =       {http://adsabs.harvard.edu/abs/2008ASPC..394..565J},
  adsnote =      {Provided by the SAO/NASA Astrophysics Data System}
}

@INPROCEEDINGS{2008ASPC..394..650C,
  author =       {{Currie}, M.~J. and {Draper}, P.~W. and {Berry},
                  D.~S. and {Jenness}, T. and {Cavanagh}, B. and
                  {Economou}, F.},
  title =        "{Starlink Software Developments}",
  booktitle =    {Astronomical Data Analysis Software and Systems
                  XVII},
  year =         2008,
  series =       aspconf,
  volume =       394,
  editor =       {{Argyle}, R.~W. and {Bunclark}, P.~S. and {Lewis},
                  J.~R.},
  month =        aug,
  pages =        650,
  adsurl =       {http://adsabs.harvard.edu/abs/2008ASPC..394..650C},
  adsnote =      {Provided by the SAO/NASA Astrophysics Data System}
}

@TechReport{2008JCMTLSQA,
  author =       {Jennifer Hatchell and Christine Wilson and Jane
                  Buckle and Antonio Chrysostomou and Remo Tilanus and
                  Frossie Economou and Tim Jenness and Brad Cavanagh},
  title =        {HARP data acceptance criteria for the JCMT Legacy
                  Surveys},
  institution =  {Joint Astronomy Centre},
  year =         2008,
  url =
                  {http://www.jach.hawaii.edu/JCMT/surveys/docs/QA_v1.0.pdf}
}

@INPROCEEDINGS{2009ASPC..417..113R,
  author =       {{Radford}, S.~J.~E. and {Giovanelli}, R. and
                  {Sebring}, T.~A. and {Zmuidzinas}, J.},
  title =        "{CCAT}",
  booktitle =    {Submillimeter Astrophysics and Technology: a
                  Symposium Honoring Thomas G. Phillips},
  year =         2009,
  series =       aspconf,
  volume =       417,
  editor =       {{Lis}, D.~C. and {Vaillancourt}, J.~E. and
                  {Goldsmith}, P.~F. and {Bell}, T.~A. and {Scoville},
                  N.~Z. and {Zmuidzinas}, J.},
  month =        dec,
  pages =        113,
  adsurl =       {http://adsabs.harvard.edu/abs/2009ASPC..417..113R},
  adsnote =      {Provided by the SAO/NASA Astrophysics Data System}
}

@ARTICLE{2009ApJ...693.1736W,
  author =       {{Wilson}, C.~D. and {Warren}, B.~E. and {Israel},
                  F.~P. and {Serjeant}, S. and {Bendo}, G. and
                  {Brinks}, E. and {Clements}, D. and {Courteau},
                  S. and {Irwin}, J. and {Knapen}, J.~H. and {Leech},
                  J. and {Matthews}, H.~E. and {M{\"u}hle}, S. and
                  {Mortier}, A.~M.~J. and {Petitpas}, G. and
                  {Sinukoff}, E. and {Spekkens}, K. and {Tan},
                  B.~K. and {Tilanus}, R.~P.~J. and {Usero}, A. and
                  {van der Werf}, P. and {Wiegert}, T. and {Zhu}, M.},
  title =        "{The James Clerk Maxwell Telescope Nearby Galaxies
                  Legacy Survey. I. Star-Forming Molecular Gas in
                  Virgo Cluster Spiral Galaxies}",
  journal =      apj,
  archivePrefix ="arXiv",
  eprint =       {0812.1718},
  keywords =     {galaxies: clusters: individual: Virgo, galaxies:
                  individual: NGC 4254 NGC 4321 NGC 4569 NGC 4579,
                  galaxies: ISM, galaxies: spiral, ISM: molecules,
                  stars: formation},
  year =         2009,
  month =        mar,
  volume =       693,
  pages =        {1736-1748},
  doi =          {10.1088/0004-637X/693/2/1736},
  adsurl =       {http://adsabs.harvard.edu/abs/2009ApJ...693.1736W},
  adsnote =      {Provided by the SAO/NASA Astrophysics Data System}
}

@ARTICLE{2009MNRAS.399.1026B,
  author =       {{Buckle}, J.~V. and {Hills}, R.~E. and {Smith},
                  H. and {Dent}, W.~R.~F. and {Bell}, G. and {Curtis},
                  E.~I. and {Dace}, R. and {Gibson}, H. and {Graves},
                  S.~F. and {Leech}, J. and {Richer}, J.~S. and
                  {Williamson}, R. and {Withington}, S. and {Yassin},
                  G. and {Bennett}, R. and {Hastings}, P. and
                  {Laidlaw}, I. and {Lightfoot}, J.~F. and {Burgess},
                  T. and {Dewdney}, P.~E. and {Hovey}, G. and
                  {Willis}, A.~G. and {Redman}, R. and {Wooff}, B. and
                  {Berry}, D.~S. and {Cavanagh}, B. and {Davis},
                  G.~R. and {Dempsey}, J. and {Friberg}, P. and
                  {Jenness}, T. and {Kackley}, R. and {Rees},
                  N.~P. and {Tilanus}, R. and {Walther}, C. and
                  {Zwart}, W. and {Klapwijk}, T.~M. and {Kroug},
                  M. and {Zijlstra}, T.},
  title =        "{HARP/ACSIS: a submillimetre spectral imaging system
                  on the James Clerk Maxwell Telescope}",
  journal =      mnras,
  keywords =     {instrumentation: detectors , instrumentation:
                  spectrographs , methods: observational , techniques:
                  image processing , techniques: spectroscopic ,
                  submillimetre},
  year =         2009,
  month =        oct,
  volume =       399,
  pages =        {1026-1043},
  doi =          {10.1111/j.1365-2966.2009.15347.x},
  adsurl =       {http://adsabs.harvard.edu/abs/2009MNRAS.399.1026B},
  adsnote =      {Provided by the SAO/NASA Astrophysics Data System}
}

@ARTICLE{2010A&A...523A..29D,
  author =       {{Dionatos}, O. and {Nisini}, B. and {Codella},
                  C. and {Giannini}, T.  },
  title =        "{Wide field CO J = 3 {$\rightarrow$} 2 mapping of
                  the Serpens cloud core}",
  journal =      aap,
  archivePrefix ="arXiv",
  eprint =       {1008.0365},
  primaryClass = "astro-ph.GA",
  keywords =     {stars: formation, ISM: jets and outflows, ISM:
                  molecules, submillimeter: ISM},
  year =         2010,
  month =        nov,
  volume =       523,
  eid =          {A29},
  pages =        {A29},
  doi =          {10.1051/0004-6361/200913839},
  adsurl =       {http://adsabs.harvard.edu/abs/2010A%26A...523A..29D},
  adsnote =      {Provided by the SAO/NASA Astrophysics Data System}
}

@ARTICLE{2010ApJ...714..571W,
  author =       {{Warren}, B.~E. and {Wilson}, C.~D. and {Israel},
                  F.~P. and {Serjeant}, S. and {Bendo}, G.~J. and
                  {Brinks}, E. and {Clements}, D.~L. and {Irwin},
                  J.~A. and {Knapen}, J.~H. and {Leech}, J. and
                  {Matthews}, H.~E. and {M{\"u}hle}, S. and
                  {Mortimer}, A.~M.~J. and {Petitpas}, G. and
                  {Sinukoff}, E. and {Spekkens}, K. and {Tan},
                  B.~K. and {Tilanus}, R.~P.~J. and {Usero}, A. and
                  {van der Werf}, P.~P. and {Vlahakis}, C. and
                  {Wiegert}, T. and {Zhu}, M.},
  title =        "{The James Clerk Maxwell Telescope Nearby Galaxies
                  Legacy Survey. II. Warm Molecular Gas and Star
                  Formation in Three Field Spiral Galaxies}",
  journal =      apj,
  archivePrefix ="arXiv",
  eprint =       {1003.1751},
  primaryClass = "astro-ph.CO",
  keywords =     {galaxies: individual: NGC 628 NGC 3521 NGC 3627,
                  galaxies: ISM, galaxies: kinematics and dynamics,
                  galaxies: spiral, galaxies: star formation, ISM:
                  molecules},
  year =         2010,
  month =        may,
  volume =       714,
  pages =        {571-588},
  doi =          {10.1088/0004-637X/714/1/571},
  adsurl =       {http://adsabs.harvard.edu/abs/2010ApJ...714..571W},
  adsnote =      {Provided by the SAO/NASA Astrophysics Data System}
}

@ARTICLE{2010MNRAS.401..455C,
  author =       {{Curtis}, E.~I. and {Richer}, J.~S. and {Buckle},
                  J.~V.},
  title =        "{A submillimetre survey of the kinematics of the
                  Perseus molecular cloud - I. Data}",
  journal =      mnras,
  archivePrefix ="arXiv",
  eprint =       {0909.0707},
  primaryClass = "astro-ph.GA",
  keywords =     {stars: formation, ISM: individual: Perseus, ISM:
                  kinematics and dynamics, submillimetre},
  year =         2010,
  month =        jan,
  volume =       401,
  pages =        {455-472},
  doi =          {10.1111/j.1365-2966.2009.15658.x},
  adsurl =       {http://adsabs.harvard.edu/abs/2010MNRAS.401..455C},
  adsnote =      {Provided by the SAO/NASA Astrophysics Data System}
}

@ARTICLE{2010MNRAS.409.1412G,
  author =       {{Graves}, S.~F. and {Richer}, J.~S. and {Buckle},
                  J.~V. and {Duarte-Cabral}, A. and {Fuller},
                  G.~A. and {Hogerheijde}, M.~R. and {Owen}, J.~E. and
                  {Brunt}, C. and {Butner}, H.~M. and {Cavanagh},
                  B. and {Chrysostomou}, A. and {Curtis}, E.~I. and
                  {Davis}, C.~J. and {Etxaluze}, M. and {Francesco},
                  J.~D. and {Friberg}, P. and {Friesen}, R.~K. and
                  {Greaves}, J.~S. and {Hatchell}, J. and {Johnstone},
                  D. and {Matthews}, B. and {Matthews}, H. and
                  {Matzner}, C.~D. and {Nutter}, D. and {Rawlings},
                  J.~M.~C. and {Roberts}, J.~F. and {Sadavoy}, S. and
                  {Simpson}, R.~J. and {Tothill}, N.~F.~H. and
                  {Tsamis}, Y.~G. and {Viti}, S. and {Ward-Thompson},
                  D. and {White}, G.~J. and {Wouterloot}, J.~G.~A. and
                  {Yates}, J.},
  title =        "{The JCMT Legacy Survey of the Gould Belt: a first
                  look at Serpens with HARP}",
  journal =      mnras,
  archivePrefix ="arXiv",
  eprint =       {1006.0891},
  primaryClass = "astro-ph.GA",
  keywords =     {molecular data, stars: formation, ISM: jets and
                  outflows, ISM: kinematics and dynamics,
                  submillimetre: ISM},
  year =         2010,
  month =        dec,
  volume =       409,
  pages =        {1412-1428},
  doi =          {10.1111/j.1365-2966.2010.17140.x},
  adsurl =       {http://adsabs.harvard.edu/abs/2010MNRAS.409.1412G},
  adsnote =      {Provided by the SAO/NASA Astrophysics Data System}
}

@ARTICLE{2010HiA....15..797C,
  author =       {{Chrysostomou}, A.},
  title =        "{The JCMT Legacy Survey: Mapping the Milky Way in
                  the Submillimetre}",
  journal =      {Highlights of Astronomy},
  year =         2010,
  month =        nov,
  volume =       15,
  pages =        797,
  doi =          {10.1017/S1743921310011750},
  adsurl =       {http://adsabs.harvard.edu/abs/2010HiA....15..797C},
  adsnote =      {Provided by the SAO/NASA Astrophysics Data System}
}

@INPROCEEDINGS{2011ASPC..442..203E,
  author =       {{Economou}, F. and {Jenness}, T. and {Cavanagh},
                  B. and {Goliath}, S. and {Redman}, R. and {Jenkins},
                  D. and {Berry}, D. and {Chrysostomou}, A. and
                  {Chapel}, B. and {Dowler}, P. and {Gaudet}, S. and
                  {Ouellette}, J. and {Schade}, D.},
  title =        "{The JSA and the Grid: How ``Infinite'' Computing
                  Power Enables a New Archive Model for PI-led
                  Observatories}",
  booktitle =    {Astronomical Data Analysis Software and Systems XX},
  year =         2011,
  series =       aspconf,
  volume =       442,
  editor =       {{Evans}, I.~N. and {Accomazzi}, A. and {Mink},
                  D.~J. and {Rots}, A.~H.  },
  month =        jul,
  pages =        203,
  adsurl =       {http://adsabs.harvard.edu/abs/2011ASPC..442..203E},
  adsnote =      {Provided by the SAO/NASA Astrophysics Data System}
}

@MISC{2011ascl.soft07013I,
  author =       {{International Consortium Of Scientists}},
  title =        "{CASA: Common Astronomy Software Applications}",
  howpublished = {Astrophysics Source Code Library},
  year =         2011,
  archivePrefix ="ascl",
  eprint =       {1107.013},
  month =        jul,
  adsurl =       {http://adsabs.harvard.edu/abs/2011ascl.soft07013I},
  adsnote =      {Provided by the SAO/NASA Astrophysics Data System}
}

@MISC{2011ascl.soft07014W,
  author =       {{Williams}, J.~P. and {de Geus}, E.~J. and {Blitz},
                  L.},
  title =        "{Clumpfind: Determining Structure in Molecular
                  Clouds}",
  howpublished = {Astrophysics Source Code Library},
  year =         2011,
  archivePrefix ="ascl",
  eprint =       {1107.014},
  month =        jul,
  adsurl =       {http://adsabs.harvard.edu/abs/2011ascl.soft07014W},
  adsnote =      {Provided by the SAO/NASA Astrophysics Data System}
}

@MISC{2011ascl.soft10012V,
  author =       {{Starlink Project}},
  title =        "{Starlink: Multi-purpose Astronomy Software}",
  howpublished = {Astrophysics Source Code Library},
  year =         2011,
  archivePrefix ="ascl",
  eprint =       {1110.012},
  month =        oct,
  adsurl =       {http://adsabs.harvard.edu/abs/2011ascl.soft10012V},
  adsnote =      {Provided by the SAO/NASA Astrophysics Data System}
}

@INPROCEEDINGS{2011tfa..confE..42J,
  author =       {{Jenness}, T. and {Economou}, F.},
  title =        "{Data Management at the UKIRT and JCMT}",
  keywords =     {JCMT, UKIRT, eSTAR, Data Handling, Pipelines},
  booktitle =    {Telescopes from Afar},
  year =         2011,
  eprint =       {1111.5855},
  primaryClass = "astro-ph.IM",
  editor =       {{Gajadhar}, S. and others},
  month =        mar,
  pages =        42,
  eid =          42,
  adsurl =       {http://adsabs.harvard.edu/abs/2011tfa..confE..42J},
  adsnote =      {Provided by the SAO/NASA Astrophysics Data System}
}

@INPROCEEDINGS{2012ASPC..461..825B,
  author =       {{Berry}, D.~S. and {Jenness}, T.},
  title =        "{New Features in AST: A WCS Management and
                  Manipulation Library}",
  booktitle =    {Astronomical Data Analysis Software and Systems XXI},
  year =         2012,
  series =       aspconf,
  volume =       461,
  archivePrefix ="arXiv",
  eprint =       {1210.5483},
  primaryClass = "astro-ph.IM",
  editor =       {{Ballester}, P. and {Egret}, D. and {Lorente},
                  N.~P.~F.},
  month =        sep,
  pages =        825,
  adsurl =       {http://adsabs.harvard.edu/abs/2012ASPC..461..825B},
  adsnote =      {Provided by the SAO/NASA Astrophysics Data System}
}

@INPROCEEDINGS{2012ASPC..461..849P,
  author =       {{Petry}, D. and {CASA Development Team}},
  title =        "{Analysing ALMA Data with CASA}",
  booktitle =    {Astronomical Data Analysis Software and Systems XXI},
  year =         2012,
  series =       aspconf,
  volume =       461,
  archivePrefix ="arXiv",
  eprint =       {1201.3454},
  primaryClass = "astro-ph.IM",
  editor =       {{Ballester}, P. and {Egret}, D. and {Lorente},
                  N.~P.~F.},
  month =        sep,
  pages =        849,
  adsurl =       {http://adsabs.harvard.edu/abs/2012ASPC..461..849P},
  adsnote =      {Provided by the SAO/NASA Astrophysics Data System}
}

@INPROCEEDINGS{2012SPIE.8452E..04K,
  author =       {{Kloosterman}, J. and {Cottam}, T. and {Swift},
                  B. and {Lesser}, D. and {Schickling}, P. and
                  {Groppi}, C. and {Borden}, M. and {Towner}, A. and
                  {Schmidt}, P. and {Kulesa}, C. and {d'Aubigny},
                  C. and {Walker}, C. and {Golish}, D. and {Weinreb},
                  S. and {Jones}, G. and {Mani}, H. and {Kooi}, J. and
                  {Lichtenberger}, A. and {Puetz}, P. and {Narayanan},
                  G.  },
  title =        "{First observations with SuperCam and future plans}",
  booktitle =    {Millimeter, Submillimeter, and Far-Infrared
                  Detectors and Instrumentation for Astronomy VI},
  year =         2012,
  series =       {Proc.\ SPIE},
  volume =       8452,
  month =        sep,
  pages =        845204,
  doi =          {10.1117/12.925088},
  adsurl =       {http://adsabs.harvard.edu/abs/2012SPIE.8452E..04K},
  adsnote =      {Provided by the SAO/NASA Astrophysics Data System}
}

@INPROCEEDINGS{2013ASPC..475..247B,
  author =       {{Berry}, D. and {Currie}, M. and {Jenness}, T. and
                  {Draper}, P. and {Bell}, G. and {Tilanus}, R.},
  title =        "{Starlink 2012: The Kapuahi Release}",
  booktitle =    {Astronomical Data Analysis Software and Systems
                  XXII},
  year =         2013,
  series =       aspconf,
  volume =       475,
  editor =       {{Friedel}, D.~N.},
  month =        oct,
  pages =        247,
  adsurl =       {http://adsabs.harvard.edu/abs/2013ASPC..475..247B},
  adsnote =      {Provided by the SAO/NASA Astrophysics Data System}
}

@INPROCEEDINGS{2013ASPC..475..341C,
  author =       {{Currie}, M.~J.},
  title =        "{Automated Removal of Bad-Baseline Spectra from
                  ACSIS/HARP Heterodyne Time Series}",
  booktitle =    {Astronomical Data Analysis Software and Systems
                  XXII},
  year =         2013,
  series =       aspconf,
  volume =       475,
  editor =       {{Friedel}, D.~N.},
  month =        oct,
  pages =        341,
  adsurl =       {http://adsabs.harvard.edu/abs/2013ASPC..475..341C},
  adsnote =      {Provided by the SAO/NASA Astrophysics Data System}
}

@ARTICLE{2013ApJ...767..126S,
  author =       {{Sadavoy}, S.~I. and {Di Francesco}, J. and
                  {Johnstone}, D. and {Currie}, M.~J. and {Drabek},
                  E. and {Hatchell}, J. and {Nutter}, D. and
                  {Andr{\'e}}, P. and {Arzoumanian}, D. and
                  {Benedettini}, M. and {Bernard}, J.-P. and
                  {Duarte-Cabral}, A. and {Fallscheer}, C. and
                  {Friesen}, R. and {Greaves}, J. and {Hennemann},
                  M. and {Hill}, T. and {Jenness}, T. and
                  {K{\"o}nyves}, V. and {Matthews}, B. and {Mottram},
                  J.~C. and {Pezzuto}, S. and {Roy}, A. and {Rygl},
                  K. and {Schneider-Bontemps}, N. and {Spinoglio},
                  L. and {Testi}, L. and {Tothill}, N. and
                  {Ward-Thompson}, D. and {White}, G. and {JCMT},
                  t. and {Herschel Gould Belt Survey Teams} },
  title =        "{The Herschel and JCMT Gould Belt Surveys:
                  Constraining Dust Properties in the Perseus B1 Clump
                  with PACS, SPIRE, and SCUBA-2}",
  journal =      {\apj},
  archivePrefix ="arXiv",
  eprint =       {1303.1529},
  keywords =     {dust, extinction, ISM: clouds, stars: formation,
                  stars: low-mass, stars: protostars},
  year =         2013,
  month =        apr,
  volume =       767,
  eid =          126,
  pages =        126,
  doi =          {10.1088/0004-637X/767/2/126},
  adsurl =       {http://adsabs.harvard.edu/abs/2013ApJ...767..126S},
  adsnote =      {Provided by the SAO/NASA Astrophysics Data System}
}

@ARTICLE{2013ApJS..209....8D,
  author =       {{Dempsey}, J.~T. and {Thomas}, H.~S. and {Currie},
                  M.~J.},
  title =        "{CO\,(3\,-\,2) High-resolution Survey of the
                  Galactic Plane: R1}",
  journal =      apjs,
  keywords =     {ISM: clouds, ISM: structure, molecular data, stars:
                  massive, submillimeter: ISM, surveys },
  year =         2013,
  month =        nov,
  volume =       209,
  eid =          8,
  pages =        8,
  doi =          {10.1088/0067-0049/209/1/8},
  adsurl =       {http://adsabs.harvard.edu/abs/2013ApJS..209....8D},
  adsnote =      {Provided by the SAO/NASA Astrophysics Data System}
}

@ARTICLE{2013MNRAS.430.2513H,
  author =       {{Holland}, W.~S. and others},
  title =        "{SCUBA-2: the 10 000 pixel bolometer camera on the
                  James Clerk Maxwell Telescope}",
  journal =      {\mnras},
  keywords =     {instrumentation: detectors, submillimetre: general},
  year =         2013,
  month =        apr,
  volume =       430,
  pages =        {2513-2533},
  doi =          {10.1093/mnras/sts612},
  adsurl =       {http://adsabs.harvard.edu/abs/2013MNRAS.430.2513H},
  adsnote =      {Provided by the SAO/NASA Astrophysics Data System}
}

@ARTICLE{2013MNRAS.430.2545C,
  author =       {{Chapin}, E.~L. and {Berry}, D.~S. and {Gibb},
                  A.~G. and {Jenness}, T. and {Scott}, D. and
                  {Tilanus}, R.~P.~J. and {Economou}, F. and
                  {Holland}, W.~S.  },
  title =        "{SCUBA-2: iterative map-making with the
                  Sub-Millimetre User Reduction Facility}",
  journal =      mnras,
  archivePrefix ="arXiv",
  eprint =       {1301.3652},
  primaryClass = "astro-ph.IM",
  keywords =     {methods: data analysis, methods: observational,
                  techniques: image processing, submillimetre:
                  general},
  year =         2013,
  month =        apr,
  volume =       430,
  pages =        {2545-2573},
  doi =          {10.1093/mnras/stt052},
  adsurl =       {http://adsabs.harvard.edu/abs/2013MNRAS.430.2545C},
  adsnote =      {Provided by the SAO/NASA Astrophysics Data System}
}

@MISC{2013ascl.soft05010G,
  author =       {{Gildas Team}},
  title =        "{GILDAS: Grenoble Image and Line Data Analysis
                  Software}",
  howpublished = {Astrophysics Source Code Library},
  year =         2013,
  archivePrefix ="ascl",
  eprint =       {1305.010},
  month =        may,
  adsurl =       {http://adsabs.harvard.edu/abs/2013ascl.soft05010G},
  adsnote =      {Provided by the SAO/NASA Astrophysics Data System}
}

@MISC{2013ascl.soft10001J,
  author =       {{Jenness}, T. and {Economou}, F. and {Cavanagh},
                  B. and {Currie}, M.~J. and {Gibb}, A.},
  title =        "{ORAC-DR: Astronomy data reduction pipeline}",
  howpublished = {Astrophysics Source Code Library},
  year =         2013,
  archivePrefix ="ascl",
  eprint =       {1310.001},
  month =        oct,
  adsurl =       {http://adsabs.harvard.edu/abs/2013ascl.soft10001J},
  adsnote =      {Provided by the SAO/NASA Astrophysics Data System}
}

@MISC{2013ascl.soft10007J,
  author =       {{Jenness}, T. and {Chapin}, E.~L. and {Berry},
                  D.~S. and {Gibb}, A.~G. and {Tilanus}, R.~P.~J. and
                  {Balfour}, J. and {Tilanus}, V. and {Currie}, M.~J.},
  title =        "{SMURF: SubMillimeter User Reduction Facility}",
  howpublished = {Astrophysics Source Code Library},
  year =         2013,
  archivePrefix ="ascl",
  eprint =       {1310.007},
  month =        oct,
  adsurl =       {http://adsabs.harvard.edu/abs/2013ascl.soft10007J},
  adsnote =      {Provided by the SAO/NASA Astrophysics Data System}
}

@MISC{2013ascl.soft10008P,
  author =       {{Padman}, R. and {Meyerdierks}, H. and {Tilanus} and
                  {Remo}, P.~J. and {Jenness}, T.},
  title =        "{SPECX: Spectral Line Data Reduction Package}",
  howpublished = {Astrophysics Source Code Library},
  year =         2013,
  archivePrefix ="ascl",
  eprint =       {1310.008},
  month =        oct,
  adsurl =       {http://adsabs.harvard.edu/abs/2013ascl.soft10008P},
  adsnote =      {Provided by the SAO/NASA Astrophysics Data System}
}

@MISC{2013ascl.soft11007B,
  author =       {{Berry}, D.~S. and {Reinhold}, K. and {Jenness},
                  T. and {Economou}, F.  },
  title =        "{CUPID: Clump Identification and Analysis Package}",
  howpublished = {Astrophysics Source Code Library},
  year =         2013,
  archivePrefix ="ascl",
  eprint =       {1311.007},
  month =        nov,
  adsurl =       {http://adsabs.harvard.edu/abs/2013ascl.soft11007B},
  adsnote =      {Provided by the SAO/NASA Astrophysics Data System}
}

@INPROCEEDINGS{2014ASPC..485..391C,
  author =       {{Currie}, M.~J. and {Berry}, D.~S. and {Jenness},
                  T. and {Gibb}, A.~G. and {Bell}, G.~S. and {Draper},
                  P.~W.},
  title =        "{Starlink Software in 2013}",
  booktitle =    {Astronomical Data Analysis Software and Systems
                  XXIII},
  year =         2014,
  series =       {\aspconf},
  volume =       485,
  editor =       {{Manset}, N. and {Forshay}, P.},
  month =        may,
  pages =        391,
  adsurl =       {http://adsabs.harvard.edu/abs/2014ASPC..485..391C},
  adsnote =      {Provided by the SAO/NASA Astrophysics Data System}
}

@INPROCEEDINGS{2014SPIE.9153E..0KW,
  author =       {{Wheeler}, C.~H. and {Groppi}, C.~E. and {Mani},
                  H. and {McGarey}, P. and {Kuenzi}, L. and {Weinreb},
                  S. and {Russell}, D.~S. and {Kooi}, J.~W. and
                  {Lichtenberger}, A.~W. and {Walker}, C.~K. and
                  {Kulesa}, C.},
  title =        "{The kilopixel array pathfinder project (KAPPa), a
                  16-pixel integrated heterodyne focal plane array:
                  characterization of the single pixel prototype}",
  booktitle =    {Millimeter, Submillimeter, and Far-Infrared
                  Detectors and Instrumentation for Astronomy VII},
  editor =       {Wayne S. Holland and Jonas Zmuidzinas},
  year =         2014,
  series =       {Proc.\ SPIE},
  volume =       9153,
  month =        jul,
  eid =          {91530K},
  pages =        {91530K},
  doi =          {10.1117/12.2056606},
  adsurl =       {http://adsabs.harvard.edu/abs/2014SPIE.9153E..0KW},
  adsnote =      {Provided by the SAO/NASA Astrophysics Data System}
}

@INPROCEEDINGS{2014SPIE.9153E..27H,
  author =       {{Hurtado}, N. and {Graf}, U.~U. and {Adams}, H. and
                  {Honingh}, C.~E. and {Jacobs}, K. and {P{\"u}tz},
                  P. and {G{\"u}sten}, R. and {Stutzki}, J.  },
  title =        "{Optics and cryogenics for the 1.1 THz multi-pixel
                  heterodyne receiver for APEX}",
  booktitle =    {Millimeter, Submillimeter, and Far-Infrared
                  Detectors and Instrumentation for Astronomy VII},
  year =         2014,
  series =       {Proc.\ SPIE},
  volume =       9153,
  month =        aug,
  eid =          915327,
  pages =        27,
  editor =       {Wayne S. Holland and Jonas Zmuidzinas},
  doi =          {10.1117/12.2055563},
  adsurl =       {http://adsabs.harvard.edu/abs/2014SPIE.9153E..27H},
  adsnote =      {Provided by the SAO/NASA Astrophysics Data System}
}

@InProceedings{2014SPIE9152-93,
  author =       {Graham S. Bell and Sarah F. Graves and Malcolm
                  J. Currie and David S. Berry and Harriet
                  A. L. Parsons and Tim Jenness and Russell O. Redman
                  and Jessica T. Dempsey and Douglas I. Johnstone and
                  Frossie Economou },
  title =        "{Advanced data products for the JCMT Science
                  Archive}",
  booktitle =    "{Software and Cyberinfrastructure for Astronomy
                  III}",
  year =         2014,
  editor =       {Gianluca Chiozzi and Nicole M. Radziwill},
  volume =       9152,
  series =       {\procspie},
  pages =        {91522J},
  doi =          {10.1117/12.2054983},
}

@INPROCEEDINGS{2014SPIE9152-109,
  author =       {Tim Jenness and Martin C. Shepherd and Reinhold
                  Schaaf and Jack Sayers and Volker Ossenkopf and
                  Thomas Nikola and Gaelen Marsden and Ronan Higgins
                  and Kevin Edwards and Adam Brazier},
  title =        "{An overview of the planned CCAT software system}",
  booktitle =    {Software and Cyberinfrastructure for Astronomy III},
  volume =       9152,
  pages =        {91522W},
  year =         2014,
  doi =          {10.1117/12.2056516},
  archivePrefix ="arXiv",
  eprint =       {1406.1515},
  editor =       {Gianluca Chiozzi and Nicole M. Radziwill},
  series =       {Proc.\ SPIE},
}

@MISC{2014ascl.soft03022C,
  author =       {{Currie}, M.~J. and {Berry}, D.~S.},
  title =        "{KAPPA: Kernel Applications Package}",
  howpublished = {Astrophysics Source Code Library},
  year =         2014,
  archivePrefix ="ascl",
  eprint =       {1403.022},
  month =        mar,
  adsurl =       {http://adsabs.harvard.edu/abs/2014ascl.soft03022C},
  adsnote =      {Provided by the SAO/NASA Astrophysics Data System}
}

@Article{2015Economou,
  author =       {Frossie Economou and S\'{e}verin Gaudet and Tim
                  Jenness and Russell O.\ Redman and Sharon Goliath
                  and Patrick Dowler and Malcolm J. Currie and Graham
                  S. Bell and Sarah F. Graves and John Ouellette and
                  David Schade and Antonio Chrysostomou},
  title =        "{Observatory/data centre partnerships and the
                  VO-centric archive: The JCMT Science Archive
                  experience}",
  archivePrefix ="arXiv",
  eprint =       {1412.4399},
  journal =      {Astron.\ Comp.},
  doi =          {10.1016/j.ascom.2014.12.005},
  year =         2015,
  volume =       {in press},
}

@ARTICLE{2015FW,
  author =       {David S. Berry},
  title =        "{FellWalker -- a Clump Identification Algorithm}",
  journal =      {Astronomy \& Computing},
  year =         2015,
  archivePrefix ="arXiv",
  eprint =       {1411.6267},
  doi =          {10.1016/j.ascom.2014.11.004},
  volume =       10,
  pages =        22,
}

@ARTICLE{2015NDF,
  author =       {Tim Jenness and David S. Berry and Malcolm J. Currie
                  and Peter W. Draper and Frossie Economou and Norman
                  Gray and Brian McIlwrath and Mark B. Taylor and
                  Patrick T. Wallace and Rodney F. Warren-Smith},
  title =        "{Learning from 25 years of the extensible
                  \emph{N}-Dimensional Data Format}",
  journal =      {Astronomy \& Computing},
  year =         2015,
  doi =          {10.1016/j.ascom.2014.11.001},
  volume =       {in press}
}

@Article{2015A&C.....9...40J,
  author =       {Tim Jenness and Frossie Economou},
  title =        "{ORAC-DR: A generic data reduction pipeline
                  infrastructure}",
  journal =      {Astronomy \& Computing},
  year =         2015,
  volume =       9,
  pages =        40,
  archivePrefix ="arXiv",
  eprint =       {1410.7509},
  doi =          {10.1016/j.ascom.2014.10.005},
}

@ARTICLE{2015MNRAS.447.1996W,
  author =       {{White}, G.~J. and {Drabek-Maunder}, E. and
                  {Rosolowsky}, E. and {Ward-Thompson}, D. and
                  {Davis}, C.~J. and {Gregson}, J. and {Hatchell},
                  J. and {Etxaluze}, M. and {Stickler}, S. and
                  {Buckle}, J. and {Johnstone}, D. and {Friesen},
                  R. and {Sadavoy}, S. and {Natt}, K.~V. and {Currie},
                  M. and {Richer}, J.~S. and {Pattle}, K. and
                  {Spaans}, M. and {Francesco}, J.~D. and
                  {Hogerheijde}, M.~R.},
  title =        "{The James Clerk Maxwell telescope Legacy Survey of
                  the Gould Belt: a molecular line study of the
                  Ophiuchus molecular cloud}",
  journal =      {\mnras},
  archivePrefix ="arXiv",
  eprint =       {1411.1428},
  keywords =     {molecular data, stars: formation, ISM: jets and
                  outflows, ISM: kinematics and dynamics,
                  submillimetre: general},
  year =         2015,
  month =        feb,
  volume =       447,
  pages =        {1996-2020},
  doi =          {10.1093/mnras/stu2323},
  adsurl =       {http://adsabs.harvard.edu/abs/2015MNRAS.447.1996W},
  adsnote =      {Provided by the SAO/NASA Astrophysics Data System}
}

@TechReport{GSD1999,
  author =       {Tim Jenness and Remo P. J. Tilanus and Horst
                  Meyerdierks and Jon Fairclough},
  title =        {The Global Section Datafile (GSD) access library},
  institution =  {Joint Astronomy Centre},
  year =         1999,
  type =         {Starlink User Note},
  number =       229
}

@Misc{GoldsmithCHAI2012,
  author =       {Paul Goldsmith and others},
  title =        {{Studying the Formation and Development of Molecular
                  Clouds: with the CCAT Heterodyne Array Instrument
                  (CHAI)}},
  url =
                  {http://trs-new.jpl.nasa.gov/dspace/bitstream/2014/42645/1/12-2032_A1b.pdf},
  year =         2012,
}

@TechReport{NDF,
  author =       {R. F. Warren-Smith and David S. Berry},
  title =        {NDF -- Routines for accessing the extensible
                  N-Dimensional Data Format},
  institution =  {Starlink Project},
  year =         2012,
  type =         {Starlink User Note},
  number =       33
}

@Misc{OCS_ICD_022,
  author =       {Tim Jenness and Jamie Leech and Shaun de Witt and
                  Frossie Economou},
  title =        "{ACSIS File Format Interface Control Document}",
  howpublished = {OCS/ICD/022, Joint Astronomy Centre, Hawaii},
  year =         2007,
}

@InProceedings{P10_adassxxiii,
  author =       {Tim Jenness and others},
  title =        "{The CCAT Software System}",
  booktitle =    {Astronomical Data Analysis Software and Systems
                  XXIII},
  pages =        49,
  volume =       485,
  archivePrefix ="arXiv",
  eprint =       {1401.8280},
  year =         2014,
  editor =       {Nadine Manset and P. Forshay},
  series =       {ASP Conf. Ser.},
  address =      {San Francisco},
  publisher =    {ASP},
}

@InProceedings{P91_adassxxiii,
  author =       {Frossie Economou and Tim Jenness and Malcolm
                  J. Currie and David S. Berry},
  title =        {{Advantages of extensible self-described data
                  formats: Lessons learned from NDF}},
  booktitle =    {Astronomical Data Analysis Software and Systems
                  XXIII},
  pages =        355,
  volume =       485,
  year =         2014,
  editor =       {Nadine Manset and P. Forshay},
  series =       aspconf,
  address =      {San Francisco},
  publisher =    {ASP},
}

@Manual{SPECX,
  title =        {SPECX V6.3 Users' Manual},
  author =       {Rachael Padman},
  organization = {University of Cambridge},
  year =         1993
}

@TechReport{SUN211,
  author =       {R. F. Warren-Smith and D. S. Berry},
  title =        {AST -- A Library for Handling World Coordinate
                  Systems in Astronomy},
  institution =  {Joint Astronomy Centre},
  year =         2013,
  type =         {Starlink User Note},
  number =       211
}

@TechReport{SUN258,
  author =       {Edward Chapin and Andrew G. Gibb and Tim Jenness and
                  David S. Berry and Remo Tilanus},
  title =        {SMURF -- the Sub-Millimetre User Reduction Facility},
  institution =  {Joint Astronomy Centre},
  year =         2013,
  type =         {Starlink User Note},
  number =       258
}

@TechReport{SUN95,
  author =       {Malcolm J. Currie and David S. Berry},
  title =        {KAPPA -- Kernel Application Package},
  institution =  {Joint Astronomy Centre},
  year =         2013,
  type =         {Starlink User Note},
  number =       95
}
